<record><leader>00000cas a22000007a 4500</leader><controlfield tag="001">9417057</controlfield><controlfield tag="008">830415d19021928ohuwr ne      0    0eng d</controlfield><controlfield tag="009">3783</controlfield><datafield ind1=" " ind2=" " tag="010"><subfield code="a">sn 83035084 </subfield></datafield><datafield ind1=" " ind2=" " tag="040"><subfield code="a">NPY</subfield><subfield code="b">eng</subfield><subfield code="c">NPY</subfield><subfield code="d">ONP</subfield></datafield><datafield ind1=" " ind2=" " tag="042"><subfield code="a">msc</subfield></datafield><datafield ind1="0" ind2=" " tag="130"><subfield code="a">Portage County Democrat (Ravenna, Ohio : 1902)</subfield></datafield><datafield ind1="0" ind2="4" tag="245"><subfield code="a">The Portage County Democrat.</subfield></datafield><datafield ind1="1" ind2="3" tag="246"><subfield code="a">Democrat</subfield></datafield><datafield ind1=" " ind2=" " tag="260"><subfield code="a">Ravenna, Ohio :</subfield><subfield code="b">D.S. Fisher,</subfield><subfield code="c">1902-1908.</subfield></datafield><datafield ind1=" " ind2=" " tag="300"><subfield code="a">v.</subfield></datafield><datafield ind1=" " ind2=" " tag="310"><subfield code="a">Weekly,</subfield><subfield code="b">May 5, 1927-May 3, 1928</subfield></datafield><datafield ind1=" " ind2=" " tag="321"><subfield code="a">Weekly,</subfield><subfield code="b">Aug. 14, 1902-May 1, 1924</subfield></datafield><datafield ind1=" " ind2=" " tag="321"><subfield code="a">Semiweekly,</subfield><subfield code="b">May 6, 1924-Apr. 29, 1927</subfield></datafield><datafield ind1="0" ind2=" " tag="362"><subfield code="a">Vol. 35, no. 1 (Aug. 14, 1902)-May 3, 1928.</subfield></datafield><datafield ind1=" " ind2=" " tag="500"><subfield code="a">"Organ of the Democracy of Ravenna and Portage County."</subfield></datafield><datafield ind1=" " ind2=" " tag="752"><subfield code="a">United States</subfield><subfield code="b">Ohio</subfield><subfield code="c">Portage</subfield><subfield code="d">Ravenna.</subfield></datafield><datafield ind1="0" ind2="0" tag="780"><subfield code="t">Ravenna Democrat</subfield><subfield code="w">(DLC)sn 88078413</subfield></datafield></record>